[gd_scene load_steps=9 format=2]

[ext_resource path="res://Backgrounds/Temp_Background_American Flag Waving2.png" type="Texture" id=1]
[ext_resource path="res://UI Icon buttons/Exit Button_Scaled.png" type="Texture" id=2]
[ext_resource path="res://UI Icon buttons/Volume_Button_Scaled.png" type="Texture" id=3]
[ext_resource path="res://UI Icon buttons/Trophy Button_Scaled.png" type="Texture" id=4]
[ext_resource path="res://UI Icon buttons/Settings Button_Scaled.png" type="Texture" id=5]
[ext_resource path="res://UI Icon buttons/Game Title Button_Scaled.png" type="Texture" id=6]
[ext_resource path="res://UI Icon buttons/Start Button_Scaled.png" type="Texture" id=7]
[ext_resource path="res://UI Icon buttons/Tutorial Button_Scaled.png" type="Texture" id=8]

[node name="MarginContainer" type="MarginContainer" index="0"]

anchor_left = 0.0
anchor_top = 0.0
anchor_right = 0.0
anchor_bottom = 0.0
margin_right = 1024.0
margin_bottom = 768.0
rect_pivot_offset = Vector2( 0, 0 )
rect_clip_content = false
mouse_filter = 0
mouse_default_cursor_shape = 0
size_flags_horizontal = 1
size_flags_vertical = 1
custom_constants/margin_right = 30
custom_constants/margin_top = 30
custom_constants/margin_left = 30
custom_constants/margin_bottom = 30
_sections_unfolded = [ "Grow Direction", "Hint", "Margin", "Rect", "custom_constants" ]

[node name="Temp Background" type="Sprite" parent="." index="0"]

position = Vector2( 512, 389 )
scale = Vector2( 0.53125, 0.712963 )
texture = ExtResource( 1 )
_sections_unfolded = [ "Animation" ]

[node name="HBoxContainer" type="HBoxContainer" parent="." index="1"]

anchor_left = 0.0
anchor_top = 0.0
anchor_right = 0.0
anchor_bottom = 0.0
margin_left = 30.0
margin_top = 30.0
margin_right = 994.0
margin_bottom = 738.0
rect_pivot_offset = Vector2( 0, 0 )
rect_clip_content = false
mouse_filter = 1
mouse_default_cursor_shape = 0
size_flags_horizontal = 1
size_flags_vertical = 1
custom_constants/separation = 234
alignment = 1
_sections_unfolded = [ "Anchor", "Margin", "custom_constants" ]

[node name="Exit Button" type="TextureRect" parent="HBoxContainer" index="0"]

anchor_left = 0.0
anchor_top = 0.0
anchor_right = 0.0
anchor_bottom = 0.0
margin_left = 3.0
margin_right = 67.0
margin_bottom = 708.0
rect_pivot_offset = Vector2( 0, 0 )
rect_clip_content = false
hint_tooltip = "Exit"
mouse_filter = 1
mouse_default_cursor_shape = 0
size_flags_horizontal = 1
size_flags_vertical = 1
texture = ExtResource( 2 )
stretch_mode = 0

[node name="Volume Button" type="TextureRect" parent="HBoxContainer" index="1"]

anchor_left = 0.0
anchor_top = 0.0
anchor_right = 0.0
anchor_bottom = 0.0
margin_left = 301.0
margin_right = 365.0
margin_bottom = 708.0
rect_pivot_offset = Vector2( 0, 0 )
rect_clip_content = false
mouse_filter = 1
mouse_default_cursor_shape = 0
size_flags_horizontal = 1
size_flags_vertical = 1
texture = ExtResource( 3 )
stretch_mode = 0

[node name="Trophy Button" type="TextureRect" parent="HBoxContainer" index="2"]

anchor_left = 0.0
anchor_top = 0.0
anchor_right = 0.0
anchor_bottom = 0.0
margin_left = 599.0
margin_right = 663.0
margin_bottom = 708.0
rect_pivot_offset = Vector2( 0, 0 )
rect_clip_content = false
mouse_filter = 1
mouse_default_cursor_shape = 0
size_flags_horizontal = 13
size_flags_vertical = 13
texture = ExtResource( 4 )
stretch_mode = 0
_sections_unfolded = [ "Size Flags" ]

[node name="Settings Button" type="TextureRect" parent="HBoxContainer" index="3"]

anchor_left = 0.0
anchor_top = 0.0
anchor_right = 0.0
anchor_bottom = 0.0
margin_left = 897.0
margin_right = 961.0
margin_bottom = 708.0
rect_pivot_offset = Vector2( 0, 0 )
rect_clip_content = false
mouse_filter = 1
mouse_default_cursor_shape = 0
size_flags_horizontal = 13
size_flags_vertical = 13
texture = ExtResource( 5 )
stretch_mode = 0
_sections_unfolded = [ "Size Flags" ]

[node name="VBoxContainer" type="VBoxContainer" parent="." index="2"]

anchor_left = 0.0
anchor_top = 0.0
anchor_right = 0.0
anchor_bottom = 0.0
margin_left = 30.0
margin_top = 30.0
margin_right = 994.0
margin_bottom = 738.0
rect_pivot_offset = Vector2( 0, 0 )
rect_clip_content = false
mouse_filter = 1
mouse_default_cursor_shape = 0
size_flags_horizontal = 1
size_flags_vertical = 1
custom_constants/separation = 30
alignment = 1
_sections_unfolded = [ "Grow Direction", "Margin", "Rect", "Size Flags", "custom_constants" ]

[node name="CenterContainer" type="CenterContainer" parent="VBoxContainer" index="0"]

anchor_left = 0.0
anchor_top = 0.0
anchor_right = 0.0
anchor_bottom = 0.0
margin_top = 97.0
margin_right = 964.0
margin_bottom = 324.0
rect_pivot_offset = Vector2( 0, 0 )
rect_clip_content = false
mouse_filter = 0
mouse_default_cursor_shape = 0
size_flags_horizontal = 1
size_flags_vertical = 1
use_top_left = false
_sections_unfolded = [ "Grow Direction", "Margin", "Rect", "Size Flags" ]

[node name="Title" type="TextureRect" parent="VBoxContainer/CenterContainer" index="0"]

anchor_left = 0.0
anchor_top = 0.0
anchor_right = 0.0
anchor_bottom = 0.0
margin_left = 226.0
margin_right = 738.0
margin_bottom = 227.0
rect_pivot_offset = Vector2( 0, 0 )
rect_clip_content = false
mouse_filter = 1
mouse_default_cursor_shape = 0
size_flags_horizontal = 1
size_flags_vertical = 1
texture = ExtResource( 6 )
stretch_mode = 0
_sections_unfolded = [ "Margin" ]

[node name="Menu Options" type="VBoxContainer" parent="VBoxContainer" index="1"]

editor/display_folded = true
anchor_left = 0.0
anchor_top = 0.0
anchor_right = 0.0
anchor_bottom = 0.0
margin_top = 354.0
margin_right = 964.0
margin_bottom = 611.0
rect_pivot_offset = Vector2( 0, 0 )
rect_clip_content = false
mouse_filter = 1
mouse_default_cursor_shape = 0
size_flags_horizontal = 1
size_flags_vertical = 1
custom_constants/separation = 30
alignment = 1
_sections_unfolded = [ "Anchor", "Margin", "Size Flags", "custom_constants" ]

[node name="CenterContainer" type="CenterContainer" parent="VBoxContainer/Menu Options" index="0"]

anchor_left = 0.0
anchor_top = 0.0
anchor_right = 0.0
anchor_bottom = 0.0
margin_right = 964.0
margin_bottom = 257.0
rect_pivot_offset = Vector2( 0, 0 )
rect_clip_content = false
mouse_filter = 0
mouse_default_cursor_shape = 0
size_flags_horizontal = 1
size_flags_vertical = 1
use_top_left = false
_sections_unfolded = [ "Margin", "Size Flags" ]

[node name="VBoxContainer" type="VBoxContainer" parent="VBoxContainer/Menu Options/CenterContainer" index="0"]

anchor_left = 0.0
anchor_top = 0.0
anchor_right = 0.0
anchor_bottom = 0.0
margin_left = 354.0
margin_right = 610.0
margin_bottom = 257.0
rect_pivot_offset = Vector2( 0, 0 )
rect_clip_content = false
mouse_filter = 1
mouse_default_cursor_shape = 0
size_flags_horizontal = 1
size_flags_vertical = 1
custom_constants/separation = 30
alignment = 0
_sections_unfolded = [ "Margin", "custom_constants" ]

[node name="Start Button" type="TextureRect" parent="VBoxContainer/Menu Options/CenterContainer/VBoxContainer" index="0"]

anchor_left = 0.0
anchor_top = 0.0
anchor_right = 0.0
anchor_bottom = 0.0
margin_right = 256.0
margin_bottom = 113.0
rect_pivot_offset = Vector2( 0, 0 )
rect_clip_content = false
mouse_filter = 1
mouse_default_cursor_shape = 0
size_flags_horizontal = 1
size_flags_vertical = 1
texture = ExtResource( 7 )
stretch_mode = 0
_sections_unfolded = [ "Size Flags" ]

[node name="Tutorial" type="TextureRect" parent="VBoxContainer/Menu Options/CenterContainer/VBoxContainer" index="1"]

anchor_left = 0.0
anchor_top = 0.0
anchor_right = 0.0
anchor_bottom = 0.0
margin_top = 143.0
margin_right = 256.0
margin_bottom = 257.0
rect_pivot_offset = Vector2( 0, 0 )
rect_clip_content = false
mouse_filter = 1
mouse_default_cursor_shape = 0
size_flags_horizontal = 1
size_flags_vertical = 1
texture = ExtResource( 8 )
stretch_mode = 0

[node name="Labels" type="VBoxContainer" parent="." index="3"]

anchor_left = 0.0
anchor_top = 0.0
anchor_right = 0.0
anchor_bottom = 0.0
margin_left = 30.0
margin_top = 30.0
margin_right = 994.0
margin_bottom = 738.0
rect_pivot_offset = Vector2( 0, 0 )
rect_clip_content = false
mouse_filter = 1
mouse_default_cursor_shape = 0
size_flags_horizontal = 1
size_flags_vertical = 1
alignment = 2
_sections_unfolded = [ "Anchor", "Grow Direction", "Margin" ]

[node name="Version Numberl" type="Label" parent="Labels" index="0"]

anchor_left = 0.0
anchor_top = 0.0
anchor_right = 0.0
anchor_bottom = 0.0
margin_top = 650.0
margin_right = 964.0
margin_bottom = 675.0
rect_pivot_offset = Vector2( 0, 0 )
rect_clip_content = false
mouse_filter = 2
mouse_default_cursor_shape = 0
size_flags_horizontal = 1
size_flags_vertical = 4
custom_colors/font_color = Color( 0, 0, 0, 1 )
custom_constants/shadow_offset_x = 12
custom_constants/shadow_offset_y = 12
text = "Version Number"
autowrap = true
percent_visible = 1.0
lines_skipped = 0
max_lines_visible = -1
_sections_unfolded = [ "Grow Direction", "Margin", "Rect", "Size Flags", "Visibility", "custom_colors", "custom_constants", "custom_fonts", "custom_styles" ]

[node name="Game Studio" type="Label" parent="Labels" index="1"]

anchor_left = 0.0
anchor_top = 0.0
anchor_right = 0.0
anchor_bottom = 0.0
margin_top = 683.0
margin_right = 964.0
margin_bottom = 708.0
rect_pivot_offset = Vector2( 0, 0 )
rect_clip_content = false
mouse_filter = 2
mouse_default_cursor_shape = 0
size_flags_horizontal = 1
size_flags_vertical = 4
custom_colors/font_color = Color( 0, 0, 0, 1 )
custom_constants/shadow_offset_x = 12
custom_constants/shadow_offset_y = 12
text = "Game Studios"
autowrap = true
percent_visible = 1.0
lines_skipped = 0
max_lines_visible = -1
_sections_unfolded = [ "Grow Direction", "Hint", "Margin", "Size Flags", "custom_constants", "custom_styles" ]


