[gd_scene load_steps=20 format=2]

[ext_resource path="res://Isometric Catapult/1.png" type="Texture" id=1]
[ext_resource path="res://Isometric Catapult/2.png" type="Texture" id=2]
[ext_resource path="res://Isometric Catapult/3.png" type="Texture" id=3]
[ext_resource path="res://Isometric Catapult/4.png" type="Texture" id=4]
[ext_resource path="res://Isometric Catapult/5.png" type="Texture" id=5]
[ext_resource path="res://Isometric Catapult/6.png" type="Texture" id=6]
[ext_resource path="res://Isometric Catapult/7.png" type="Texture" id=7]
[ext_resource path="res://Isometric Catapult/8.png" type="Texture" id=8]
[ext_resource path="res://Isometric Catapult/9.png" type="Texture" id=9]
[ext_resource path="res://Isometric Catapult/16.png" type="Texture" id=10]
[ext_resource path="res://Isometric Catapult/10.png" type="Texture" id=11]
[ext_resource path="res://Isometric Catapult/11.png" type="Texture" id=12]
[ext_resource path="res://Isometric Catapult/12.png" type="Texture" id=13]
[ext_resource path="res://Isometric Catapult/13.png" type="Texture" id=14]
[ext_resource path="res://Isometric Catapult/14.png" type="Texture" id=15]
[ext_resource path="res://Isometric Catapult/15.png" type="Texture" id=16]
[ext_resource path="res://Animations.tres" type="Animation" id=17]
[ext_resource path="res://Politcians/Senators/NJ 2018/Robert_Menendez_head_cropped_tiny.png" type="Texture" id=18]

[sub_resource type="SpriteFrames" id=1]

animations = [ {
"frames": [ ExtResource( 1 ), ExtResource( 2 ), ExtResource( 3 ), ExtResource( 4 ), ExtResource( 5 ), ExtResource( 6 ), ExtResource( 7 ), ExtResource( 8 ), ExtResource( 9 ), ExtResource( 10 ), ExtResource( 11 ), ExtResource( 12 ), ExtResource( 13 ), ExtResource( 14 ), ExtResource( 15 ), ExtResource( 16 ) ],
"loop": true,
"name": "default",
"speed": 5.0
} ]

[node name="Main Game" type="Node" index="0"]

[node name="CanvasLayer - for parallax background" type="CanvasLayer" parent="." index="0"]

layer = -1
offset = Vector2( 0, 0 )
rotation = 0.0
scale = Vector2( 1, 1 )
transform = Transform2D( 1, 0, 0, 1, 0, 0 )

[node name="Catapult" type="RigidBody2D" parent="." index="1"]

position = Vector2( 160, 640 )
input_pickable = false
collision_layer = 1
collision_mask = 1
mode = 0
mass = 1.0
friction = 1.0
bounce = 0.0
gravity_scale = 1.0
custom_integrator = false
continuous_cd = 0
contacts_reported = 0
contact_monitor = false
sleeping = false
can_sleep = true
linear_velocity = Vector2( 0, 0 )
linear_damp = -1.0
angular_velocity = 0.0
angular_damp = -1.0
__meta__ = {
"_edit_group_": true
}

[node name="AnimatedSprite" type="AnimatedSprite" parent="Catapult" index="0"]

frames = SubResource( 1 )
animation = "default"
frame = 15

[node name="AnimationPlayer" type="AnimationPlayer" parent="Catapult/AnimatedSprite" index="0"]

root_node = NodePath("..")
autoplay = ""
playback_process_mode = 1
playback_default_blend_time = 0.0
playback_speed = 1.0
anims/Launch = ExtResource( 17 )
blend_times = [  ]

[node name="Politician" type="KinematicBody2D" parent="." index="2"]

position = Vector2( 32, 608 )
input_pickable = false
collision_layer = 1
collision_mask = 1
collision/safe_margin = 0.08
__meta__ = {
"_edit_group_": true
}

[node name="Bob" type="Sprite" parent="Politician" index="0"]

texture = ExtResource( 18 )

[node name="GUI" type="MarginContainer" parent="." index="3"]

anchor_left = 0.0
anchor_top = 0.0
anchor_right = 0.0
anchor_bottom = 0.0
margin_left = 10.0
margin_top = 10.0
margin_right = 1014.0
margin_bottom = 758.0
rect_pivot_offset = Vector2( 0, 0 )
rect_clip_content = false
mouse_filter = 0
mouse_default_cursor_shape = 0
size_flags_horizontal = 1
size_flags_vertical = 1
_sections_unfolded = [ "Margin" ]

[node name="Layout" type="HBoxContainer" parent="GUI" index="0"]

anchor_left = 0.0
anchor_top = 0.0
anchor_right = 0.0
anchor_bottom = 0.0
margin_left = 16.0
margin_right = 1004.0
margin_bottom = 748.0
rect_pivot_offset = Vector2( 0, 0 )
rect_clip_content = false
mouse_filter = 1
mouse_default_cursor_shape = 0
size_flags_horizontal = 1
size_flags_vertical = 1
alignment = 0
_sections_unfolded = [ "Margin" ]

[node name="Power Bar" type="VBoxContainer" parent="GUI/Layout" index="0"]

anchor_left = 0.0
anchor_top = 0.0
anchor_right = 0.0
anchor_bottom = 0.0
margin_right = 1.0
margin_bottom = 748.0
rect_pivot_offset = Vector2( 0, 0 )
rect_clip_content = false
mouse_filter = 1
mouse_default_cursor_shape = 0
size_flags_horizontal = 1
size_flags_vertical = 1
alignment = 0
_sections_unfolded = [ "Margin" ]

[node name="TextProgress - For power bar" type="TextureProgress" parent="GUI/Layout/Power Bar" index="0"]

anchor_left = 0.0
anchor_top = 0.0
anchor_right = 0.0
anchor_bottom = 0.0
margin_right = 1.0
margin_bottom = 1.0
rect_pivot_offset = Vector2( 0, 0 )
rect_clip_content = false
mouse_filter = 1
mouse_default_cursor_shape = 0
size_flags_horizontal = 1
size_flags_vertical = 1
min_value = 0.0
max_value = 100.0
step = 1.0
page = 0.0
value = 0.0
exp_edit = false
rounded = false
texture_under = null
texture_over = null
texture_progress = null
radial_fill_degrees = 360.0
radial_center_offset = Vector2( 0, 0 )
nine_patch_stretch = false

[node name="Counters" type="HBoxContainer" parent="GUI/Layout" index="1"]

anchor_left = 0.0
anchor_top = 0.0
anchor_right = 0.0
anchor_bottom = 0.0
margin_left = 9.0
margin_right = 9.0
margin_bottom = 748.0
rect_pivot_offset = Vector2( 0, 0 )
rect_clip_content = false
mouse_filter = 1
mouse_default_cursor_shape = 0
size_flags_horizontal = 1
size_flags_vertical = 1
alignment = 0
_sections_unfolded = [ "Margin" ]


